Número de Clientes, Nombre, Producto, Moneda, Saldo Inicial, Saldo en Libros, Retenidos y Diferidos, Saldo Disponible, Fecha, STBGAV, STBUNC, Mensaje1, Mensaje2, Mensaje3, Mensaje4, Mensaje5, Mensaje6 
488247, NADIA NICOLL AGUILAR FLORES, 742007271, LPS, 1997.47, 6654.50, 890.00, 5764.50, 31/05/2021, 9007.91, 0.00, , , , , ,  

Detalle de Estado Bancario
Fecha de Transacción, Referencia de Transacción, Código de Transacción, Descripción de Transacción, Débito de Transacción, Crédito de Transacción, Balance de Transacción 
01/01/2021, 31974, HT, HRE PLUS BASICO               , 41.28, 0.00, 1956.19 
04/01/2021, 412408207, TF, TEF A : 742374141             , 820.00, 0.00, 1136.19 
08/01/2021, 412402766, TF, TEF A : 728802731             , 1000.00, 0.00, 136.19 
16/01/2021, 951467454, TF, Pago Recargas Claro 32031346  , 100.00, 0.00, 36.19 
27/01/2021, 42392, DB, PAGO 5303-50**-****-9978         , 6088.68, 0.00, -6052.49 
27/01/2021, 42777, DB, PAGO 5303-50**-****-9978         , 400.90, 0.00, -6453.39 
27/01/2021, 900412756, MD, ACH PRONTO  70000214011689644 , 4700.00, 0.00, -11153.39 
27/01/2021, 900412756, 59, COMISION ACH PRONTO  700002140, 35.00, 0.00, -11188.39 
27/01/2021, 900413365, MD, ACH PRONTO  250010000001162051, 3000.00, 0.00, -14188.39 
27/01/2021, 900413365, 59, COMISION ACH PRONTO  250010000, 35.00, 0.00, -14223.39 
27/01/2021, 951419640, TF, Pago EEH 2021099              , 1584.36, 0.00, -15807.75 
27/01/2021, 951419779, TF, Pago EEH 307993               , 627.25, 0.00, -16435.00 
27/01/2021, 951419807, TF, Pago Sanaa 3340140041         , 198.98, 0.00, -16633.98 
27/01/2021, 951419834, TF, Pago Hondutel 22554746        , 98.43, 0.00, -16732.41 
27/01/2021, 412404290, TF, TEF A : 728802731             , 5400.00, 0.00, -22132.41 
27/01/2021, 661000204, PE, PAGO PLANILLA TEGA            , 0.00, 26058.06, 3925.65 
28/01/2021, 412401485, TF, TEF A : 723176571             , 600.00, 0.00, 3325.65 
30/01/2021, 12900000, CP, PRODUCTOS DEL RANCHO I\TEGUCIG, 220.00, 0.00, 3105.65 
30/01/2021, 412402649, TF, TEF A : 740913551             , 270.00, 0.00, 2835.65 
31/01/2021, 13000000, CP, CLARO LOS CASTA.OS\    Te     , 98.96, 0.00, 2736.69 
31/01/2021, 13000248, CP, COCO BALEADAS CENTRO          , 125.68, 0.00, 2611.01 
31/01/2021, 13194961, 3O, INTERESES                     , 0.00, 0.11, 2611.12 
01/02/2021, 63962, HT, HRE PLUS BASICO               , 41.24, 0.00, 2569.88 
02/02/2021, 412401537, TF, TEF A : 744114811             , 375.00, 0.00, 2194.88 
03/02/2021, 20200248, CP, VALUE CENTER VILLA MARE       , 756.62, 0.00, 1438.26 
05/02/2021, 20400000, CP, GASOLINERA UNO EL DORA\Te     , 134.00, 0.00, 1304.26 
05/02/2021, 72007550, AT, RETIRO ATM RED EXTERNA UNIBANC, 500.00, 0.00, 804.26 
05/02/2021, 20533226, ET, COM.RET.ATM.UNIBA ATM RED EXTE, 24.00, 0.00, 780.26 
06/02/2021, 412402859, TF, TEF DE:DANTE RUBEN CASTILLO DU, 0.00, 400.00, 1180.26 
06/02/2021, 412403046, TF, TEF A : 723176571             , 810.00, 0.00, 370.26 
08/02/2021, 20600000, CP, HUGO EPAY\             Te     , 329.00, 0.00, 41.26 
10/02/2021, 21030666, AS, COMIS.ADS HUGO EPAY           , 47.00, 0.00, -5.74 
13/02/2021, 21200000, CP, HUGO EPAY\             Te     , 597.00, 0.00, -602.74 
15/02/2021, 412407324, TF, TEF DE:DANTE RUBEN CASTILLO DU, 0.00, 380.00, -222.74 
26/02/2021, 39115, DB, PAGO 5303-50**-****-9978         , 8532.37, 0.00, -8755.11 
26/02/2021, 900469574, MD, ACH PRONTO  70000214011689644 , 4700.00, 0.00, -13455.11 
26/02/2021, 900469574, 59, COMISION ACH PRONTO  700002140, 35.00, 0.00, -13490.11 
26/02/2021, 951470618, TF, Pago EEH 2021099              , 1468.30, 0.00, -14958.41 
26/02/2021, 951470679, TF, Pago EEH 307993               , 697.13, 0.00, -15655.54 
26/02/2021, 412405463, TF, TEF A : 728802731             , 4000.00, 0.00, -19655.54 
26/02/2021, 661000220, PE, PAGO PLANILLA TEGA            , 0.00, 24988.71, 5333.17 
27/02/2021, 412404776, TF, TEF A : 725403591             , 75.00, 0.00, 5258.17 
28/02/2021, 412401111, TF, TEF A : 729500071             , 790.00, 0.00, 4468.17 
28/02/2021, 22818722, 3O, INTERESES                     , 0.00, 0.09, 4468.26 
01/03/2021, 81, HT, HRE PLUS BASICO               , 41.21, 0.00, 4427.05 
01/03/2021, 412401957, TF, TEF A : 723176571             , 500.00, 0.00, 3927.05 
01/03/2021, 412405185, TF, TEF A : 728802731             , 350.00, 0.00, 3577.05 
02/03/2021, 22800248, CP, FARM SIMAN TEGUCIGALPA 19     , 71.49, 0.00, 3505.56 
02/03/2021, 30100248, CP, FARMACITY 22                  , 591.91, 0.00, 2913.65 
02/03/2021, 412402934, TF, TEF A : 728802731             , 250.00, 0.00, 2663.65 
03/03/2021, 30200248, CP, PANADERIA SALMANS ECOPLAZA    , 105.00, 0.00, 2558.65 
04/03/2021, 412403394, TF, TEF A : 100203871             , 599.00, 0.00, 1959.65 
06/03/2021, 30500000, CP, HUGO EPAY\             Te     , 533.98, 0.00, 1425.67 
06/03/2021, 58753, DB, PAGO 5303-50**-****-9978         , 193.36, 0.00, 1232.31 
06/03/2021, 412402760, TF, TEF A : 740913551             , 294.00, 0.00, 938.31 
06/03/2021, 412403301, TF, TEF A : 722568941             , 295.00, 0.00, 643.31 
07/03/2021, 412402435, TF, TEF A : 723176571             , 220.00, 0.00, 423.31 
13/03/2021, 31200248, CP, MULTIFRUTTI                   , 96.00, 0.00, 327.31 
16/03/2021, 31500000, CP, HUGO EPAY\             Te     , 201.00, 0.00, 126.31 
22/03/2021, 32236107, AS, COMIS.ADS HUGO EPAY           , 47.00, 0.00, 79.31 
23/03/2021, 32332756, AS, COMIS.ADS HUGO EPAY           , 47.00, 0.00, 32.31 
25/03/2021, 32400000, CP, HUGO EPAY\             Te     , 299.00, 0.00, -266.69 
25/03/2021, 412404739, TF, TEF DE:DANTE RUBEN CASTILLO DU, 0.00, 550.00, 283.31 
26/03/2021, 32500000, CP, HUGO EPAY\             Te     , 258.06, 0.00, 25.25 
26/03/2021, 32085, DB, PAGO 5303-50**-****-9978         , 6500.26, 0.00, -6475.01 
26/03/2021, 32308, DB, PAGO 5303-50**-****-9978         , 205.90, 0.00, -6680.91 
26/03/2021, 900407143, MD, ACH PRONTO  70000214011689644 , 4700.00, 0.00, -11380.91 
26/03/2021, 900407143, 59, COMISION ACH PRONTO  700002140, 35.00, 0.00, -11415.91 
26/03/2021, 951412542, TF, Pago Claro 32429323           , 1991.49, 0.00, -13407.40 
26/03/2021, 951412762, TF, Pago EEH 2021099              , 1395.52, 0.00, -14802.92 
26/03/2021, 951412858, TF, Pago Sanaa 3340140041         , 408.12, 0.00, -15211.04 
26/03/2021, 951412915, TF, Pago EEH 307993               , 542.67, 0.00, -15753.71 
26/03/2021, 951412958, TF, Pago Hondutel 22554746        , 265.35, 0.00, -16019.06 
26/03/2021, 412409932, TF, TEF A : 725727751             , 360.00, 0.00, -16379.06 
26/03/2021, 412402199, TF, TEF A : 724607821             , 250.00, 0.00, -16629.06 
26/03/2021, 412402534, TF, TEF A : 724607821             , 250.00, 0.00, -16879.06 
26/03/2021, 661000225, PE, PAGO PLANILLA TEGA            , 0.00, 24988.71, 8109.65 
26/03/2021, 661000227, PE, PAGO PLANILLA TEGA            , 0.00, 27871.18, 35980.83 
27/03/2021, 32600248, CP, PRONTO EL DORADO              , 99.00, 0.00, 35881.83 
27/03/2021, 32600248, CP, PRONTO EL DORADO              , 170.00, 0.00, 35711.83 
27/03/2021, 900434718, MD, ACH PRONTO  250010000001162051, 5000.00, 0.00, 30711.83 
27/03/2021, 900434718, 59, COMISION ACH PRONTO  250010000, 35.00, 0.00, 30676.83 
27/03/2021, 412400807, TF, TEF A : 730414091             , 550.00, 0.00, 30126.83 
28/03/2021, 300697, AT, ECOPLAZA               TEGUCIG, 900.00, 0.00, 29226.83 
28/03/2021, 412403284, TF, TEF A : 724607821             , 250.00, 0.00, 28976.83 
28/03/2021, 412403456, TF, TEF A : 727966971             , 800.00, 0.00, 28176.83 
28/03/2021, 32811886, ET, COM.RET.ATM.EXTERNO A         , 24.00, 0.00, 28152.83 
29/03/2021, 32800248, CP, COCO BALEADAS CENTRO          , 159.32, 0.00, 27993.51 
30/03/2021, 32900000, CP, RBAHN GASOLINERA UNO E\Te     , 500.00, 0.00, 27493.51 
30/03/2021, 32900000, CP, HUGO EPAY\             Te     , 177.00, 0.00, 27316.51 
30/03/2021, 32900000, CP, CAF. JARDIN\           SANTA L, 658.76, 0.00, 26657.75 
30/03/2021, 32900000, CP, GASOLINERA UNO HATO DE\Te     , 500.00, 0.00, 26157.75 
30/03/2021, 32900000, CP, VERMACO S DE RL MC    \TEGUCIG, 166.00, 0.00, 25991.75 
30/03/2021, 32900248, CP, GM GROUP                      , 1224.00, 0.00, 24767.75 
30/03/2021, 412403751, TF, TEF A : 728802731             , 4000.00, 0.00, 20767.75 
31/03/2021, 33000000, CP, EVOLUTION HAIR\        Di     , 1282.00, 0.00, 19485.75 
31/03/2021, 33000000, CP, PRODUCTOS DEL RANCHO I\TEGUCIG, 203.00, 0.00, 19282.75 
31/03/2021, 412405361, TF, TEF A : 729569181             , 590.00, 0.00, 18692.75 
31/03/2021, 33159964, 3O, INTERESES                     , 0.00, 1.12, 18693.87 
01/04/2021, 39216, HT, HRE PLUS BASICO               , 41.11, 0.00, 18652.76 
01/04/2021, 33100248, CP, GM GROUP                      , 995.00, 0.00, 17657.76 
04/04/2021, 40300000, CP, HUGO EPAY\             Te     , 612.00, 0.00, 17045.76 
04/04/2021, 40300248, CP, FARMACIA SIMAN 3 MIPOS        , 1541.86, 0.00, 15503.90 
06/04/2021, 40500000, CP, HUGO EPAY\             Te     , 256.00, 0.00, 15247.90 
06/04/2021, 40500000, CP, HUGO EPAY\             Te     , 287.00, 0.00, 14960.90 
06/04/2021, 412406587, TF, TEF A : 729729781             , 400.00, 0.00, 14560.90 
07/04/2021, 40600000, CP, DISTRIBUIDORA M Y M\   Di     , 541.99, 0.00, 14018.91 
07/04/2021, 40600000, CP, PRODUCTOS DEL RANCHO I\TEGUCIG, 195.00, 0.00, 13823.91 
07/04/2021, 40600248, CP, FARMACIA SIMAN 3 MIPOS        , 1753.37, 0.00, 12070.54 
07/04/2021, 412403858, TF, TEF A : 730013401             , 2175.35, 0.00, 9895.19 
08/04/2021, 40700000, CP, THAU 504/MC           \TEGUCIG, 192.00, 0.00, 9703.19 
09/04/2021, 412404110, TF, TEF A : 740167411             , 320.00, 0.00, 9383.19 
10/04/2021, 40800248, CP, LA CREPERIA                   , 510.00, 0.00, 8873.19 
11/04/2021, 41000000, CP, HUGO EPAY\             Te     , 179.00, 0.00, 8694.19 
11/04/2021, 40900248, CP, PUMA MILLENIUM                , 728.77, 0.00, 7965.42 
12/04/2021, 41000248, CP, LA CREPERIA                   , 620.00, 0.00, 7345.42 
12/04/2021, 72001568, AT, RETIRO ATM RED EXTERNA UNIBANC, 1000.00, 0.00, 6345.42 
12/04/2021, 412407360, TF, TEF A : 728802731             , 2000.00, 0.00, 4345.42 
12/04/2021, 41231808, ET, COM.RET.ATM.UNIBA ATM RED EXTE, 24.00, 0.00, 4321.42 
13/04/2021, 41200000, CP, HUGO EPAY\             Te     , 197.00, 0.00, 4124.42 
13/04/2021, 41200248, CP, CAFETOLIO                     , 135.00, 0.00, 3989.42 
13/04/2021, 41200248, CP, SPORT LINE AMERICA            , 1955.34, 0.00, 2034.08 
15/04/2021, 412400551, TF, TEF A : 724944311             , 187.00, 0.00, 1847.08 
17/04/2021, 41600248, CP, PANADERIA SALMANS ECOPLAZA    , 120.00, 0.00, 1727.08 
17/04/2021, 778043, AT, ECOPLAZA               TEGUCIG, 500.00, 0.00, 1227.08 
17/04/2021, 41724273, ET, COM.RET.ATM.EXTERNO A         , 24.00, 0.00, 1203.08 
18/04/2021, 41700000, CP, PRODUCTOS DEL RANCHO I\TEGUCIG, 105.00, 0.00, 1098.08 
18/04/2021, 41700000, CP, CAFETANO\              TEGUCIG, 243.40, 0.00, 854.68 
18/04/2021, 41700248, CP, FARMACITY 22                  , 289.68, 0.00, 565.00 
19/04/2021, 41920815, AS, COMIS.ADS REPOSTERIA EL HOGAR , 47.00, 0.00, 518.00 
19/04/2021, 41920816, AS, COMIS.ADS SIGUA COFFEE        , 47.00, 0.00, 471.00 
20/04/2021, 41900000, CP, DISTRIBUIDORA M Y M\   Di     , 95.00, 0.00, 376.00 
20/04/2021, 41900000, CP, THAU 504/MC           \TEGUCIG, 141.00, 0.00, 235.00 
20/04/2021, 41900248, CP, REPOSTERIA EL HOGAR HATO ENMED, 404.58, 0.00, -169.58 
20/04/2021, 41900248, CP, SIGUA COFFEE                  , 59.69, 0.00, -229.27 
20/04/2021, 412407451, TF, TEF DE:DANTE RUBEN CASTILLO DU, 0.00, 400.00, 170.73 
23/04/2021, 42200248, CP, PICK THE WING 2 GO            , 84.00, 0.00, 86.73 
27/04/2021, 900420979, MD, ACH PRONTO  70000214011689644 , 4700.00, 0.00, -4613.27 
27/04/2021, 900420979, 59, COMISION ACH PRONTO  700002140, 35.00, 0.00, -4648.27 
27/04/2021, 951427097, TF, Pago Sanaa 3340140041         , 207.48, 0.00, -4855.75 
27/04/2021, 951427129, TF, Pago EEH 2021099              , 1324.81, 0.00, -6180.56 
27/04/2021, 951427181, TF, Pago EEH 307993               , 618.59, 0.00, -6799.15 
27/04/2021, 951427197, TF, Pago Hondutel 22554746        , 98.73, 0.00, -6897.88 
27/04/2021, 661000232, PE, PAGO PLANILLA TEGA            , 0.00, 26058.06, 19160.18 
28/04/2021, 42700248, CP, PANADERIA SALMANS ECOPLAZA    , 70.00, 0.00, 19090.18 
28/04/2021, 45089, DB, PAGO 5303-50**-****-9978         , 7000.00, 0.00, 12090.18 
28/04/2021, 45322, DB, PAGO 5303-50**-****-9978         , 193.12, 0.00, 11897.06 
28/04/2021, 412408804, TF, TEF A : 728802731             , 4000.00, 0.00, 7897.06 
28/04/2021, 412401058, TF, TEF A : 742807101             , 807.50, 0.00, 7089.56 
29/04/2021, 42700248, CP, COCO BALEADAS CENTRO          , 151.41, 0.00, 6938.15 
30/04/2021, 42900248, CP, GM GROUP                      , 807.50, 0.00, 6130.65 
30/04/2021, 412403954, TF, TEF A : 740167411             , 320.00, 0.00, 5810.65 
30/04/2021, 43072809, 3O, INTERESES                     , 0.00, 1.07, 5811.72 
01/05/2021, 80902, HT, HRE PLUS BASICO               , 41.08, 0.00, 5770.64 
02/05/2021, 50100000, CP, HUGO EPAY\             Te     , 287.00, 0.00, 5483.64 
02/05/2021, 50100000, CP, HUGO EPAY\             Te     , 50.00, 0.00, 5433.64 
02/05/2021, 412404673, TF, TEF A : 730153021             , 490.00, 0.00, 4943.64 
03/05/2021, 412404776, TF, TEF A : 741396381             , 250.00, 0.00, 4693.64 
03/05/2021, 412405619, TF, TEF A : 723176571             , 280.00, 0.00, 4413.64 
04/05/2021, 50300000, CP, EVOLUTION HAIR\        Di     , 704.00, 0.00, 3709.64 
05/05/2021, 50400000, CP, PRODUCTOS DEL RANCHO I\TEGUCIG, 86.00, 0.00, 3623.64 
05/05/2021, 50400000, CP, CLINICA VETERINARIA HU\TEGUCIG, 800.00, 0.00, 2823.64 
05/05/2021, 900447280, MD, ACH PRONTO  250010000001162051, 2000.00, 0.00, 823.64 
05/05/2021, 900447280, 59, COMISION ACH PRONTO  250010000, 35.00, 0.00, 788.64 
08/05/2021, 150136866, TF, COELLO VALLADARES ER          , 0.00, 2500.00, 3288.64 
08/05/2021, 150136866, ET, COMI.DB ACH 32                , 25.00, 0.00, 3263.64 
08/05/2021, 412407220, TF, TEF DE:DANTE RUBEN CASTILLO DU, 0.00, 7300.00, 10563.64 
08/05/2021, 412409814, TF, TEF A : 743643271             , 9800.00, 0.00, 763.64 
08/05/2021, 412403978, TF, TEF A : 740913551             , 294.00, 0.00, 469.64 
09/05/2021, 50800000, CP, HUGO EPAY\             Te     , 305.00, 0.00, 164.64 
09/05/2021, 50800248, CP, PANADERIA SALMANS ECOPLAZA    , 45.00, 0.00, 119.64 
11/05/2021, 51000000, CP, PRODUCTOS DEL RANCHO I\TEGUCIG, 56.00, 0.00, 63.64 
27/05/2021, 40316, DB, PAGO 5303-50**-****-9978         , 7000.00, 0.00, -6936.36 
27/05/2021, 900438163, MD, ACH PRONTO  70000214011689644 , 4700.00, 0.00, -11636.36 
27/05/2021, 900438163, 59, COMISION ACH PRONTO  700002140, 35.00, 0.00, -11671.36 
27/05/2021, 951446444, TF, Pago Sanaa 3340140041         , 207.48, 0.00, -11878.84 
27/05/2021, 951446486, TF, Pago EEH 2021099              , 1294.90, 0.00, -13173.74 
27/05/2021, 951446626, TF, Pago EEH 307993               , 535.76, 0.00, -13709.50 
27/05/2021, 951446655, TF, Pago Hondutel 22554746        , 86.62, 0.00, -13796.12 
27/05/2021, 661000237, PE, PAGO PLANILLA TEGA            , 0.00, 26058.06, 12261.94 
28/05/2021, 58215, DB, PAGO 5303-50**-****-9978         , 193.34, 0.00, 12068.60 
28/05/2021, 412808690, TF, TEF A : 723176571             , 760.00, 0.00, 11308.60 
28/05/2021, 412407779, TF, TEF A : 740609521             , 524.00, 0.00, 10784.60 
29/05/2021, 412405457, TF, TEF A : 728802731             , 4000.00, 0.00, 6784.60 
30/05/2021, 412403757, TF, TEF A : 723176571             , 500.00, 0.00, 6284.60 
31/05/2021, 52900248, CP, TERCETO                       , 678.21, 0.00, 5606.39 
31/05/2021, 53000248, CP, DUNKIN DONUTS 43              , 175.16, 0.00, 5431.23 
31/05/2021, 951450289, TF, Pago Recargas Claro 97745589  , 100.00, 0.00, 5331.23 
31/05/2021, 53176343, 3O, INTERESES                     , 0.00, 0.30, 5331.53 

Resumen de Estado Bancario
Código Transacción Totales , Cantidad Débitos Totales, Montos Débitos Totales, Cantidad Créditos Totales, Montos Créditos Totales 
HT, 5, 205.92, 0, 0.00 
TF, 63, 64657.82, 6, 11530.00 
DB, 10, 36307.93, 0, 0.00 
MD, 8, 33500.00, 0, 0.00 
59, 8, 280.00, 0, 0.00 
PE, 0, 0.00, 6, 156022.78 
CP, 64, 26013.74, 0, 0.00 
3O, 0, 0.00, 5, 2.69 
AT, 4, 2900.00, 0, 0.00 
ET, 5, 121.00, 0, 0.00 
AS, 5, 235.00, 0, 0.00 
Total, 172, 164221.41, 17, 167555.47 
